@Book{xie2015,
  title = {Dynamic Documents with {R} and knitr},
  author = {Yihui Xie},
  publisher = {Chapman and Hall/CRC},
  address = {Boca Raton, Florida},
  year = {2015},
  edition = {2nd},
  note = {ISBN 978-1498716963},
  url = {http://yihui.org/knitr/},
}

@techreport{betts2001,
	title = {Best Practice Number Ten: Fixing Broken Windows {\textendash} Strategies to Strengthen Housing Code Enforcement and Related Approaches to Community-Based Crime Prevention in Memphis},
	author = {{Betts}, {Phyllis}},
	year = {2001},
	month = {04},
	date = {2001-04},
	pages = {112},
	url = {https://www.pdffiller.com/20879259-BestPracticeNumber10Fixing_Broken_Windowspdf-Best-Practice-Number-Ten-Center-For-Community-Building-and-cbana-memphis-}
}

@misc{hammurabi,
	title = {The Code of Hammurabi},
	url = {https://avalon.law.yale.edu/ancient/hamframe.asp}
}

@misc{sellner2021,
	title = {How Many American Homes Have Pests?},
	author = {{Sellner}, {Michael} and {Wicht}, {Jordan}},
	year = {2021},
	month = {04},
	date = {2021-04-21},
	url = {https://www.census.gov/library/stories/2021/04/how-many-american-homes-have-pests.html},
	note = {Section: Government},
	langid = {EN-US}
}

@article{mendell2011,
	title = {Respiratory and Allergic Health Effects of Dampness, Mold, and Dampness-Related Agents: A Review of the Epidemiologic Evidence},
	author = {{Mendell}, {Mark J.} and {Mirer}, {Anna G.} and {Cheung}, {Kerry} and {Tong}, {My} and {Douwes}, {Jeroen}},
	year = {2011},
	month = {06},
	date = {2011-06-01},
	journal = {Environmental Health Perspectives},
	pages = {748--756},
	volume = {119},
	number = {6},
	doi = {10.1289/ehp.1002410},
	url = {https://ehp.niehs.nih.gov/doi/full/10.1289/ehp.1002410},
	note = {Publisher: Environmental Health Perspectives}
}

@unpublished{cdc2006,
	title = {Healthy Housing Reference Manual},
	author = {{CDC}, {} and {HUD}, {}},
	year = {2006},
	date = {2006},
	url = {https://www.cdc.gov/nceh/publications/books/housing/housing.htm},
	address = {Atlanta},
	langid = {en-us}
}

@misc{cdc2020,
	title = {Lead in Paint},
	author = {{CDC}, {}},
	year = {2020},
	month = {11},
	date = {2020-11-24},
	url = {https://www.cdc.gov/nceh/lead/prevention/sources/paint.htm},
	langid = {en-us}
}

@article{rauh2002,
	title = {Deteriorated Housing Contributes to High Cockroach Allergen Levels in Inner-City Households.},
	author = {{Rauh}, {Virginia A} and {Chew}, {Ginger R} and {Garfinkel}, {Robin S}},
	year = {2002},
	month = {04},
	date = {2002-04-01},
	journal = {Environmental Health Perspectives},
	pages = {323--327},
	volume = {110},
	number = {suppl 2},
	doi = {10.1289/ehp.02110s2323},
	url = {https://ehp.niehs.nih.gov/doi/10.1289/ehp.02110s2323},
	note = {Publisher: Environmental Health Perspectives}
}

@article{shin2018,
	title = {Urban Decay and Pediatric Asthma Prevalence in Memphis, Tennessee: Urban Data Integration for Efficient Population Health Surveillance},
	author = {{Shin}, {Eun Kyong} and {Shaban-Nejad}, {Arash}},
	year = {2018},
	date = {2018},
	journal = {IEEE Access},
	pages = {46281--46289},
	volume = {6},
	doi = {10.1109/ACCESS.2018.2866069},
	note = {Conference Name: IEEE Access}
}

@article{aafa2015,
	title = {Asthma Capitals 2015},
	author = {{Asthma and Allergy Foundation of America}, {}},
	year = {2015},
	date = {2015},
	url = {https://www.aafa.org/media/1607/asthma-capitals-report-2015-rankings.pdf}
}

@techreport{aafa2021,
	title = {Asthma Capitals 2021: The Most Challenging Places to Live In With Asthma},
	author = {{Asthma and Allergy Foundation of America}, {}},
	year = {2021},
	date = {2021},
	pages = {41},
	url = {https://www.aafa.org/media/3040/aafa-2021-asthma-capitals-report.pdf}
}

@article{mclaine2006,
	title = {A Coordinated Relocation Strategy for Enhancing Case Management of Lead Poisoned Children: Outcomes and Costs},
	author = {{McLaine}, {Pat} and {Shields}, {Wendy} and {Farfel}, {Mark} and {Chisolm}, {J. Julian} and {Dixon}, {Sherry}},
	year = {2006},
	month = {01},
	date = {2006-01-01},
	journal = {Journal of Urban Health},
	pages = {111--128},
	volume = {83},
	number = {1},
	doi = {10.1007/s11524-005-9011-8},
	url = {https://doi.org/10.1007/s11524-005-9011-8},
	langid = {en}
}

@article{grineski2010,
	title = {Landlords, Fear, and Children's Respiratory Health: An Untold Story of Environmental Injustice in the Central City},
	author = {{Grineski}, {Sara E.} and {Hern√°ndez}, {Alma Angelica}},
	year = {2010},
	month = {03},
	date = {2010-03-01},
	journal = {Local Environment},
	pages = {199--216},
	volume = {15},
	number = {3},
	doi = {10.1080/13549830903575562},
	url = {https://doi.org/10.1080/13549830903575562},
	note = {Publisher: Routledge
{\_}eprint: https://doi.org/10.1080/13549830903575562}
}

@article{chisholm2018,
	title = {Tenants{\textquoteright} Responses to Substandard Housing: Hidden and Invisible Power and the Failure of Rental Housing Regulation},
	author = {{Chisholm}, {Elinor} and {Howden-Chapman}, {Philipa} and {Fougere}, {Geoff}},
	year = {2018},
	month = {10},
	date = {2018-10-12},
	journal = {Housing, Theory and Society},
	pages = {139--161},
	volume = {37},
	number = {2},
	doi = {10.1080/14036096.2018.1538019},
	url = {https://www.tandfonline.com/doi/full/10.1080/14036096.2018.1538019},
	langid = {en}
}
