
@article{apha1938,
	title = {Basic Principles of Healthful Housing},
	author = {{APHA}, {} and {Committee on the Hygiene of Housing}, {}},
	year = {1938},
	month = {03},
	date = {1938-03},
	journal = {American Journal of Public Health and the Nations Health},
	pages = {351--372},
	volume = {28},
	number = {3},
	doi = {10.2105/AJPH.28.3.351},
	url = {https://ajph.aphapublications.org/doi/abs/10.2105/AJPH.28.3.351},
	note = {Publisher: American Public Health Association}
}

@article{coan1969,
	title = {The Housing and Urban Development Act of 1968: Landmark Legislation for the Urban Crisis},
	author = {{Coan}, {Carl A. S.}},
	year = {1969},
	date = {1969},
	journal = {The Urban Lawyer},
	pages = {1--33},
	volume = {1},
	number = {1},
	url = {http://www.jstor.org/stable/27892636},
	note = {Publisher: American Bar Association}
}

@article{lectures1852,
	title = {Lectures for the People; The Importance of Proper Vetilation.},
	year = {1852},
	month = {01},
	date = {1852-01-21},
	journal = {The New York Times},
	url = {https://www.nytimes.com/1852/01/21/archives/lectures-for-the-people-the-importance-of-proper-vetilation-a.html},
	langid = {canadian}
}

@article{thebuff1854,
	title = {The Buffalo Poor-House: Horrible Particulars of its Condition.},
	year = {1854},
	month = {07},
	date = {1854-07-24},
	journal = {The New York Times},
	url = {https://www.nytimes.com/1854/07/24/archives/the-buffalo-poorhousehorrible-particulars-of-its-condition.html},
	langid = {canadian}
}

@book{soifer2014,
	title = {Community Economic Development in Social Work},
	author = {{Soifer}, {Steven} and {McNeely}, {Joseph} and {Costa}, {Cathy} and {Pickering-Bernheim}, {Nancy}},
	year = {2014},
	date = {2014},
	publisher = {Columbia University Press}
}

@article{duffus1934,
	title = {What Modern Housing Means and Why It Is Delayed; Catherine Bauer's Authoritative Study Is as Timely as This Morning's Newspaper},
	author = {{Duffus}, {R. l}},
	year = {1934},
	month = {12},
	date = {1934-12-23},
	journal = {The New York Times},
	pages = {3},
	url = {https://www.nytimes.com/1934/12/23/archives/what-modern-housing-means-and-why-it-is-delayed-catherine-bauers.html},
	langid = {canadian}
}

@book{wurster2020,
	title = {Modern Housing},
	author = {{Wurster}, {Catherine Bauer} and {Penner}, {Barbara}},
	year = {2020},
	date = {2020},
	publisher = {University of Minnesota Press},
	address = {Minneapolis}
}

@techreport{mccarty2019,
	title = {Overview of Federal Housing Assistance Programs and Policy},
	author = {{McCarty}, {Maggie} and {Perl}, {Libby} and {Jones}, {Katie}},
	year = {2019},
	month = {03},
	date = {2019-03-27},
	pages = {46},
	langid = {en}
}
